@book{week3,
  title = {Lecture Notes Week 3},
  author = {Hjorth-Jensen, Morten},
  year = {2023},
  url = {http://compphysics.github.io/ComputationalPhysics2/doc/pub/week3/pdf/week3.pdf}
}


@online{lec,
  title = {Lecture Notes},
  author = {Hjorth-Jensen, Morten},
  year = {2023},
  url = {http://compphysics.github.io/ComputationalPhysics2/doc/web/course}
}


@online{boot,
    title = {Bootstrapping (statistics)},
    author = {Wikipedia},
    url = {https://en.wikipedia.org/wiki/Bootstrapping_(statistics)}
}

@book{griff,
    title = {Introduction to Quantum Mechanics},
    author = {Griffiths, David},
    year = {2018}

}